<collection xmlns="http://www.loc.gov/MARC21/slim">
<record>
  <leader>00906nam0a22002291i 450 </leader>
  <controlfield tag="001">IT\ICCU\CNCE\031896</controlfield>
  <controlfield tag="005">20110210000000.0</controlfield>
  <datafield tag="012" ind1=" " ind2=" ">
    <subfield code="a">l.i* c.u- e.s- eru- (C) 1585 (R)</subfield>
    <subfield code="2">fei</subfield>
  </datafield>
  <datafield tag="100" ind1=" " ind2=" ">
    <subfield code="a">19971209d1585        0itac0103    ba</subfield>
  </datafield>
  <datafield tag="101" ind1=" " ind2=" ">
    <subfield code="a">LAT</subfield>
  </datafield>
  <datafield tag="102" ind1=" " ind2=" ">
    <subfield code="a">IT</subfield>
  </datafield>
  <datafield tag="200" ind1="1" ind2=" ">
    <subfield code="a">Decretum de interrogationibus, quae fiunt in iudicio, an velit pars uti testibus etc. et de responsionibus ad interrogationes ipsas</subfield>
  </datafield>
  <datafield tag="210" ind1=" " ind2=" ">
    <subfield code="a">Placentiae</subfield>
    <subfield code="c">apud Ioannem Bazachium</subfield>
    <subfield code="d">1585</subfield>
  </datafield>
  <datafield tag="215" ind1=" " ind2=" ">
    <subfield code="a">\2! c.</subfield>
    <subfield code="d">fol</subfield>
  </datafield>
  <datafield tag="620" ind1=" " ind2=" ">
    <subfield code="a">IT</subfield>
    <subfield code="d">Piacenza</subfield>
  </datafield>
  <datafield tag="710" ind1="0" ind2="2">
    <subfield code="a">Parma e Piacenza</subfield>
    <subfield code="c"> &lt;Ducato&gt;</subfield>
    <subfield code="3">7315</subfield>
  </datafield>
  <datafield tag="712" ind1="0" ind2="0">
    <subfield code="a">Bazachi, Giovanni</subfield>
    <subfield code="3">IT\ICCU\CNCT\001313</subfield>
    <subfield code="4">650</subfield>
  </datafield>
  <datafield tag="791" ind1="0" ind2="0">
    <subfield code="a">Bazzachi, Giovanni</subfield>
    <subfield code="3">IT\ICCU\CNCT\003629</subfield>
    <subfield code="z">Bazachi, Giovanni</subfield>
  </datafield>
  <datafield tag="791" ind1="0" ind2="0">
    <subfield code="a">Bazachius, Ioannes</subfield>
    <subfield code="3">IT\ICCU\CNCT\004307</subfield>
    <subfield code="z">Bazachi, Giovanni</subfield>
  </datafield>
  <datafield tag="801" ind1=" " ind2="3">
    <subfield code="a">IT</subfield>
    <subfield code="b">ICCU</subfield>
    <subfield code="c">20201114</subfield>
  </datafield>
  <datafield tag="899" ind1=" " ind2=" ">
    <subfield code="a">Biblioteca Palatina. Parma</subfield>
    <subfield code="1">PR0072</subfield>
    <subfield code="2">PAR PA</subfield>
  </datafield>
  <datafield tag="899" ind1=" " ind2=" ">
    <subfield code="a">Biblioteca Reale. Torino</subfield>
    <subfield code="1">TO0263</subfield>
    <subfield code="2">TO0 07</subfield>
  </datafield>
</record>
</collection>
